<record><leader>00000cas a22000007a 4500</leader><controlfield tag="001">9334313</controlfield><controlfield tag="008">830322d18561868ohuwr ne      0    0eng d</controlfield><datafield ind1=" " ind2=" " tag="010"><subfield code="a">sn 83035014 </subfield></datafield><datafield ind1=" " ind2=" " tag="040"><subfield code="a">NPY</subfield><subfield code="b">eng</subfield><subfield code="c">NPY</subfield><subfield code="d">OCLCQ</subfield></datafield><datafield ind1=" " ind2=" " tag="042"><subfield code="a">msc</subfield></datafield><datafield ind1="0" ind2=" " tag="130"><subfield code="a">Commercial gazette (Cleveland, Ohio : 1856)</subfield></datafield><datafield ind1="1" ind2="0" tag="245"><subfield code="a">Commercial gazette.</subfield></datafield><datafield ind1=" " ind2=" " tag="260"><subfield code="a">Cleveland :</subfield><subfield code="b">John K. Lowe, Richard H. Cutter</subfield></datafield><datafield ind1=" " ind2=" " tag="300"><subfield code="a">v. :</subfield><subfield code="b">ill. ;</subfield><subfield code="c">55 cm.</subfield></datafield><datafield ind1=" " ind2=" " tag="310"><subfield code="a">Weekly</subfield></datafield><datafield ind1="1" ind2=" " tag="362"><subfield code="a">Began in Jan., 1856; ceased in 1868.</subfield><subfield code="z">Cf. Gutgesell, S. Guide to Ohio newspapers, 1974.</subfield></datafield><datafield ind1=" " ind2=" " tag="500"><subfield code="a">Published on Thursday.</subfield></datafield><datafield ind1=" " ind2=" " tag="500"><subfield code="a">"Devoted to market reports, finance, manufactures [sic], commerce and business interests generally."</subfield></datafield><datafield ind1=" " ind2=" " tag="588"><subfield code="a">Description based on: Vol. 6, no. 13 (Mar. 28, 1861).</subfield></datafield><datafield ind1="1" ind2=" " tag="700"><subfield code="a">Cutter, Richard H.</subfield></datafield><datafield ind1="1" ind2=" " tag="700"><subfield code="a">Lowe, John K.</subfield></datafield><datafield ind1=" " ind2=" " tag="752"><subfield code="a">United States</subfield><subfield code="b">Ohio</subfield><subfield code="c">Cuyahoga</subfield><subfield code="d">Cleveland.</subfield></datafield><datafield ind1="1" ind2=" " tag="029"><subfield code="a">AU@</subfield><subfield code="b">000025836862</subfield></datafield></record>